% Add the references below. You need to run bibtex and then latex
%  over the report to see the updated references.

% Authors are alphabetized by last names.  When an author is an institutions,
%  the name is enclosed in curly brackets to force alphabetizing by the
%  first letter of the name , e.g., {American Mathematical Society}, as in
%  an entry below.

@MISC{prevalence,
    AUTHOR ={CDC Division of Nutrition, Physical Activity and Obesity},
     TITLE ={Adult Obesity Facts},
      NOTE = {http://www.cdc.gov/obesity/adult/causes/index.html  Accessed Nov, 2012.},
 PUBLISHER = {United States Center for Disease Control},
} 

@MISC{rates,
    AUTHOR ={CIA World Factbook},
     TITLE ={Obesity - adult prevalence rate},
      NOTE = {https://www.cia.gov/library/publications/the-world-factbook/fields/print\_2228.html  Accessed Nov, 2012. },
 PUBLISHER = {United States Central Inteligence Agency},
} 

@MISC{health,
    AUTHOR ={Stanford Hospital and Clinics},
     TITLE ={Health Effects of Obesity},
      NOTE = {http://stanfordhospital.org/clinicsmedServices/COE/surgicalServices/generalSurgery
/bariatricsurgery/obesity/effects.htm  Accessed Nov, 2012.},
 PUBLISHER = {Stanford University},
} 
